% I highly recommend using JabRef as your reference manager.

@Article{Elgamal1985,
  author   = {Elgamal, T.},
  journal  = {IEEE Transactions on Information Theory},
  title    = {A public key cryptosystem and a signature scheme based on discrete logarithms},
  year     = {1985},
  issn     = {1557-9654},
  month    = jul,
  number   = {4},
  pages    = {469--472},
  volume   = {31},
  doi      = {10.1109/TIT.1985.1057074},
  groups   = {Encryption},
  url      = {https://ieeexplore.ieee.org/document/1057074},
}
@inproceedings{7961519,
  author={Lam, An Ngoc and Nguyen, Anh Tuan and Nguyen, Hoan Anh and Nguyen, Tien N.},
  booktitle={2017 IEEE/ACM 25th International Conference on Program Comprehension (ICPC)}, 
  title={Bug Localization with Combination of Deep Learning and Information Retrieval}, 
  year={2017},
  volume={},
  number={},
  pages={218-229},
  keywords={Computer bugs;Feature extraction;Metadata;Neural networks;Computer architecture;Training;Software;Bug Localization;Deep Learning;Code Retrieval;Information Retrieval},
  doi={10.1109/ICPC.2017.24}}

@inproceedings{yang2024xloc,
  title={Learning to Detect and Localize Multilingual Bugs},
  author={Yang, Haoran and Nong, Yu and Zhang, Tao and Luo, Xiapu and Cai, Haipeng},
  booktitle={Proceedings of the ACM SIGSOFT International Symposium on the Foundations of Software Engineering (FSE)},
  year={2024},
  publisher={ACM},
  note={To appear}
}

@inproceedings{blaze2024,
  title     = {BLAZE: Cross‑Language and Cross‑Project Bug Localization with CodeSage Embeddings},
  author    = {Partha Chakraborty and Mahmoud Alfadel and Meiyappan Nagappan},
  booktitle = {Proceedings of the ACM/IEEE International Conference on Software Engineering (ICSE)},
  year      = {2024},
  note      = {To appear},
}


@misc{zhang2024coderepresentationlearningscale,
      title={Code Representation Learning At Scale}, 
      author={Dejiao Zhang and Wasi Ahmad and Ming Tan and Hantian Ding and Ramesh Nallapati and Dan Roth and Xiaofei Ma and Bing Xiang},
      year={2024},
      eprint={2402.01935},
      archivePrefix={arXiv},
      primaryClass={cs.CL},
      url={https://arxiv.org/abs/2402.01935}, 
}
@mastersthesis{subramanian2024bugllm,
  title={BugLLM: Explainable Zero-Shot Bug Localization using Large Language Models},
  author={Subramanian, Poorna},
  school={University of Waterloo},
  year={2024},
  type={Master's thesis},
  url={https://dspacemainprd01.lib.uwaterloo.ca/server/api/core/bitstreams/9586bd26-7a3c-4e56-8c75-51bfd6b0d082/content}
}

@inproceedings{aguilar2023reproducing,
  title        = {Reproducing and Improving the BugsInPy Dataset},
  author       = {Aguilar, Faustino and Grayson, Samuel and Marinov, Darko},
  booktitle    = {Proceedings of the 2023 IEEE 23rd International Working Conference on Source Code Analysis and Manipulation (SCAM)},
  pages        = {260--266},
  year         = {2023},
  publisher    = {IEEE},
  doi          = {10.1109/SCAM59687.2023.00036},
}
